<record><leader>00000cas a22000007a 4500</leader><controlfield tag="001">23106771</controlfield><controlfield tag="008">910215d19231949mauwr ne      0    0eng d</controlfield><datafield ind1=" " ind2=" " tag="010"><subfield code="a">sn 91058000 </subfield></datafield><datafield ind1=" " ind2=" " tag="040"><subfield code="a">MGN</subfield><subfield code="b">eng</subfield><subfield code="c">MGN</subfield><subfield code="d">OCLCQ</subfield></datafield><datafield ind1=" " ind2=" " tag="042"><subfield code="a">msc</subfield></datafield><datafield ind1="0" ind2=" " tag="130"><subfield code="a">Watertown tribune-enterprise (Watertown, Mass. : 1923)</subfield></datafield><datafield ind1="1" ind2="0" tag="245"><subfield code="a">Watertown tribune-enterprise.</subfield></datafield><datafield ind1=" " ind2=" " tag="260"><subfield code="a">Watertown, Mass. :</subfield><subfield code="b">Tribune-Enterprise, Inc.</subfield></datafield><datafield ind1=" " ind2=" " tag="300"><subfield code="a">v.</subfield></datafield><datafield ind1=" " ind2=" " tag="310"><subfield code="a">Weekly,</subfield><subfield code="b">June 5, 1931-1949</subfield></datafield><datafield ind1=" " ind2=" " tag="321"><subfield code="a">Weekly,</subfield><subfield code="b">1923-Sept. 19, 1930</subfield></datafield><datafield ind1=" " ind2=" " tag="321"><subfield code="a">Semiweekly,</subfield><subfield code="b">Sept. 23, 1930-May 29, 1931</subfield></datafield><datafield ind1="0" ind2=" " tag="362"><subfield code="a">Vol. 54, no. 33 (Dec. 14, 1923)-</subfield></datafield><datafield ind1="1" ind2=" " tag="362"><subfield code="a">Ceased in Dec. 1949.</subfield></datafield><datafield ind1=" " ind2=" " tag="752"><subfield code="a">United States</subfield><subfield code="b">Massachusetts</subfield><subfield code="c">Middlesex</subfield><subfield code="d">Watertown.</subfield></datafield><datafield ind1="0" ind2="0" tag="780"><subfield code="t">Tribune-enterprise (Watertown, Mass. : 1921)</subfield><subfield code="w">(DLC)sn 91058003</subfield></datafield><datafield ind1="0" ind2="4" tag="785"><subfield code="t">Watertown sun</subfield><subfield code="w">(DLC)sn 91057996</subfield></datafield></record>